@inproceedings{gutknecht2006dining,
  title={The dining philosophers problem revisited},
  author={Gutknecht, J{\"u}rg},
  booktitle={Modular Programming Languages: 7th Joint Modular Languages Conference, JMLC 2006 Oxford, UK, September 13-15, 2006 Proceedings 7},
  pages={377--382},
  year={2006},
  organization={Springer}
}
@article{chandy1984drinking,
  title={The drinking philosophers problem},
  author={Chandy, K. Mani and Misra, Jayadev},
  journal={ACM Transactions on Programming Languages and Systems (TOPLAS)},
  volume={6},
  number={4},
  pages={632--646},
  year={1984},
  publisher={ACM New York, NY, USA}
}
@inproceedings{sreejith2021scalable,
  title={A Scalable Algorithm for Readers-Writers Problem},
  author={Sreejith, S and Arjun, N and Sudarshan, K and Yadav, Mohit and Sajeev, GP},
  booktitle={2021 5th International Conference on Trends in Electronics and Informatics (ICOEI)},
  pages={1722--1726},
  year={2021},
  organization={IEEE}
}
@article{habermann1972solution,
  title={On a solution and a generalization of the cigarette smokers' problem},
  author={Habermann, A Nico},
  year={1972},
  publisher={Carnegie Mellon University}
}
